<record><leader>00000cas a22000007a 4500</leader><controlfield tag="001">34580507</controlfield><controlfield tag="008">960416d18881897vauwr ne      0    0eng d</controlfield><datafield ind1=" " ind2=" " tag="010"><subfield code="a">sn 96096584 </subfield></datafield><datafield ind1=" " ind2=" " tag="040"><subfield code="a">NVK</subfield><subfield code="b">eng</subfield><subfield code="c">NVK</subfield><subfield code="d">OCLCQ</subfield><subfield code="d">OCLCF</subfield><subfield code="d">OCLCO</subfield></datafield><datafield ind1="1" ind2=" " tag="029"><subfield code="a">AU@</subfield><subfield code="b">000025923985</subfield></datafield><datafield ind1=" " ind2=" " tag="042"><subfield code="a">msc</subfield></datafield><datafield ind1=" " ind2=" " tag="043"><subfield code="a">n-us-va</subfield></datafield><datafield ind1="0" ind2=" " tag="130"><subfield code="a">Sussex gazette (Waverly, Va.)</subfield></datafield><datafield ind1="1" ind2="0" tag="245"><subfield code="a">Sussex gazette.</subfield></datafield><datafield ind1=" " ind2=" " tag="260"><subfield code="a">Waverly, Va. :</subfield><subfield code="b">Waverly Pub. Co.</subfield></datafield><datafield ind1=" " ind2=" " tag="300"><subfield code="a">v.</subfield></datafield><datafield ind1=" " ind2=" " tag="310"><subfield code="a">Weekly</subfield></datafield><datafield ind1="1" ind2=" " tag="362"><subfield code="a">Began in 1888; ceased in 1897.</subfield><subfield code="z">Cf. Cappon, L.J. Va. Newspapers.</subfield></datafield><datafield ind1=" " ind2=" " tag="588"><subfield code="a">Description based on: No. 259 (Feb. 17, 1893).</subfield></datafield><datafield ind1=" " ind2="0" tag="651"><subfield code="a">Waverly (Sussex County, Va.)</subfield><subfield code="v">Newspapers.</subfield></datafield><datafield ind1=" " ind2="7" tag="655"><subfield code="a">Newspapers.</subfield><subfield code="2">fast</subfield><subfield code="0">(OCoLC)fst01423814</subfield></datafield><datafield ind1=" " ind2="7" tag="651"><subfield code="a">Virginia</subfield><subfield code="z">Waverly (Sussex County)</subfield><subfield code="2">fast</subfield><subfield code="0">(OCoLC)fst01312439</subfield></datafield><datafield ind1=" " ind2=" " tag="752"><subfield code="a">United States</subfield><subfield code="b">Virginia</subfield><subfield code="c">Sussex</subfield><subfield code="d">Waverly.</subfield></datafield><datafield ind1="0" ind2="0" tag="785"><subfield code="t">Sussex recorder</subfield></datafield></record>